00577cas a22002171a 4500
001 9917737243502836
003 Nz
005 20220222121119.0
008 031218m18691870nz wr ne      000 a0eng d
035    $a (Nz)8131130
035    $a (NLNZils)1773724-ilsdb
040    $a WN $c WN
042    $a nznb
043    $a u-nz---
245 00 $a Auckland and Thames leader.
260    $a Auckland [N.Z.]
310    $a Weekly
362 0  $a 1869 Dec.4-1870?
500    $a Place "Auckland and Shortland" - Scholefield.
651  0 $a Auckland (N.Z.) $v Newspapers.
655  7 $a New Zealand newspapers. $2 local $5 Nz
